@article{Stoeber1968Controlled,
	author = {Stöber, Werner and Fink, Arthur and Bohn, Ernst},
	journal = {Journal of colloid and interface science},
	number = 1,
	pages = {62-69},
	title = {Controlled growth of monodisperse silica spheres in the micron size range},
	url = {http://www.sciencedirect.com/science/article/pii/0021979768902725},
	volume = 26,
	year = 1968
}

@article{Ding2014Responsive,
	author = {Ding, Haibo and Liu, Cihui and Gu, Hongcheng and Zhao, Yuanjin and Wang, Baoping and Gu, Zhongze},
	doi = {10.1021/ph4000696},
	journal = {ACS Photonics},
	number = 2,
	pages = {121-126},
	title = {Responsive Colloidal Crystal for Spectrometer Grating},
	url = {http://dx.doi.org/10.1021/ph4000696},
	volume = 1,
	year = 2014
}

@article{Burgess2012Wetting,
	author = {Burgess, Ian B. and Koay, Natalie and Raymond, Kevin P. and Kolle, Mathias and Loncar, Marko and Aizenberg, Joanna},
	doi = {10.1021/nn204220c},
	issn = {1936-0851},
	journal = {ACS Nano},
	lan = {English},
	number = 2,
	pages = {1427-1437},
	shorttitle = {Wetting in Color},
	title = {Wetting in Color: Colorimetric Differentiation of Organic Liquids with High Selectivity},
	volume = 6,
	year = 2012
}

@article{Yang2013MaleimideContaining,
	author = {Yang, Haowei and Li, Xuesong and Lan, Yue and Tian, Tian and Cui, Jiecheng and Zhu, Tao and Shen, Dezhong and Li, Guangtao},
	doi = {10.1039/c3tc30127c},
	issn = {2050-7526, 2050-7534},
	journal = {Journal of Materials Chemistry C},
	number = 38,
	pages = {6120-6128},
	shorttitle = {Maleimide-containing polymer inverse opals},
	title = {Maleimide-containing polymer inverse opals: a new kind of reactive photonic structure with significant extendibility},
	url = {http://xlink.rsc.org/?DOI=c3tc30127c},
	volume = 1,
	year = 2013
}

@article{Feng2007Continuous,
	author = {Feng, Fude and Tang, Yanli and Wang, Shu and Li, Yuliang and Zhu, Daoben},
	copyright = {Copyright © 2007 WILEY-VCH Verlag GmbH \& Co. KGaA, Weinheim},
	doi = {10.1002/anie.200701724},
	issn = {1521-3773},
	journal = {Angewandte Chemie International Edition},
	lan = {en},
	number = 41,
	pages = {7882-7886},
	title = {Continuous Fluorometric Assays for Acetylcholinesterase Activity and Inhibition with Conjugated Polyelectrolytes},
	url = {http://onlinelibrary.wiley.com/doi/10.1002/anie.200701724/abstract},
	volume = 46,
	year = 2007
}

@article{Peng2009Fluorescence,
	author = {Peng, Lihua and Zhang, Guanxin and Zhang, Deqing and Xiang, Junfeng and Zhao, Rui and Wang, Yilin and Zhu, Daoben},
	doi = {10.1021/ol9016723},
	issn = {1523-7060},
	journal = {Organic Letters},
	number = 17,
	pages = {4014-4017},
	title = {A Fluorescence “Turn-On” Ensemble for Acetylcholinesterase Activity Assay and Inhibitor Screening},
	url = {http://dx.doi.org/10.1021/ol9016723},
	volume = 11,
	year = 2009
}

@article{Pavlov2005Inhibition,
	author = {Pavlov, Valeri and Xiao, Yi and Willner, Itamar},
	doi = {10.1021/nl050054c},
	issn = {1530-6984},
	journal = {Nano Letters},
	number = 4,
	pages = {649-653},
	shorttitle = {Inhibition of the Acetycholine Esterase-Stimulated Growth of Au Nanoparticles},
	title = {Inhibition of the Acetycholine Esterase-Stimulated Growth of Au Nanoparticles: Nanotechnology-Based Sensing of Nerve Gases},
	url = {http://dx.doi.org/10.1021/nl050054c},
	volume = 5,
	year = 2005
}

@article{Ge2009Magnetochromatic,
	author = {Ge, Jianping and Lee, Howon and He, Le and Kim, Junhoi and Lu, Zhenda and Kim, Hyoki and Goebl, James and Kwon, Sunghoon and Yin, Yadong},
	doi = {10.1021/ja903626h},
	issn = {0002-7863},
	journal = {Journal of the American Chemical Society},
	lan = {English},
	number = 43,
	pages = {15687-15694},
	shorttitle = {Magnetochromatic Microspheres},
	title = {Magnetochromatic Microspheres: Rotating Photonic Crystals},
	volume = 131,
	year = 2009
}

@article{Arsenault2007PhotonicCrystal,
	author = {Arsenault, André C. and Puzzo, Daniel P. and Manners, Ian and Ozin, Geoffrey A.},
	copyright = {© 2007 Nature Publishing Group},
	doi = {10.1038/nphoton.2007.140},
	issn = {1749-4885},
	journal = {Nature Photonics},
	lan = {en},
	number = 8,
	pages = {468-472},
	title = {Photonic-crystal full-colour displays},
	url = {http://www.nature.com/nphoton/journal/v1/n8/abs/nphoton.2007.140.html},
	volume = 1,
	year = 2007
}

@article{Wang2012Inkjet,
	author = {Wang, Libin and Wang, Jingxia and Huang, Yu and Liu, Meijin and Kuang, Minxuan and Li, Yingfeng and Jiang, Lei and Song, Yanlin},
	doi = {10.1039/C2JM33411A},
	issn = {1364-5501},
	journal = {Journal of Materials Chemistry},
	lan = {en},
	lccn = 0000,
	number = 40,
	pages = {21405-21411},
	title = {Inkjet printed colloidal photonic crystal microdot with fast response induced by hydrophobic transition of poly(N-isopropyl acrylamide)},
	url = {http://pubs.rsc.org/en/content/articlelanding/2012/jm/c2jm33411a},
	volume = 22,
	year = 2012
}

@article{Cui2009Fabrication,
	author = {Cui, Liying and Li, Yingfeng and Wang, Jingxia and Tian, Entao and Zhang, Xingye and Zhang, Youzhuan and Song, Yanlin and Jiang, Lei},
	doi = {10.1039/B907472D},
	issn = {1364-5501},
	journal = {Journal of Materials Chemistry},
	lan = {en},
	number = 31,
	pages = {5499-5502},
	title = {Fabrication of large-area patterned photonic crystals by ink-jet printing},
	url = {http://pubs.rsc.org/en/content/articlelanding/2009/jm/b907472d},
	volume = 19,
	year = 2009
}

@article{Kang2014LiquidImpermeable,
	author = {Kang, Hyelim and Lee, Joon-Seok and Chang, Won Seok and Kim, Shin-Hyun},
	copyright = {© 2014 WILEY-VCH Verlag GmbH \& Co. KGaA, Weinheim},
	doi = {10.1002/adma.201404706},
	issn = {1521-4095},
	journal = {Advanced Materials},
	lan = {en},
	number = 7,
	pages = {1282–1287},
	title = {Liquid-Impermeable Inverse Opals with Invariant Photonic Bandgap},
	url = {http://onlinelibrary.wiley.com/doi/10.1002/adma.201404706/abstract},
	volume = 27,
	year = 2014
}

@article{Gu2013Tailoring,
	author = {Gu, Hongcheng and Zhao, Yuanjin and Cheng, Yao and Xie, Zhuoying and Rong, Fei and Li, Jiaqi and Wang, Baoping and Fu, Degang and Gu, Zhongze},
	copyright = {Copyright © 2013 WILEY-VCH Verlag GmbH \& Co. KGaA, Weinheim},
	doi = {10.1002/smll.201203179},
	issn = {1613-6829},
	journal = {Small},
	lan = {en},
	lccn = 0000,
	number = 13,
	pages = {2266–2271},
	title = {Tailoring Colloidal Photonic Crystals with Wide Viewing Angles},
	url = {http://onlinelibrary.wiley.com/doi/10.1002/smll.201203179/abstract},
	volume = 9,
	year = 2013
}

@article{Fudouzi2003Colloidal,
	author = {Fudouzi, Hiroshi and Xia, Younan},
	doi = {10.1021/la034918q},
	issn = {0743-7463},
	journal = {Langmuir},
	number = 23,
	pages = {9653-9660},
	title = {Colloidal Crystals with Tunable Colors and Their Use as Photonic Papers},
	url = {http://dx.doi.org/10.1021/la034918q},
	volume = 19,
	year = 2003
}

@article{Cui2014Inverse,
	author = {Cui, Jiecheng and Zhu, Wei and Gao, Ning and Li, Jian and Yang, Haowei and Jiang, Yin and Seidel, Philipp and Ravoo, Bart Jan and Li, Guangtao},
	copyright = {© 2014 WILEY-VCH Verlag GmbH \& Co. KGaA, Weinheim},
	doi = {10.1002/anie.201308959},
	issn = {1521-3773},
	journal = {Angewandte Chemie International Edition},
	lan = {en},
	number = 15,
	pages = {3844-3848},
	title = {Inverse Opal Spheres Based on Polyionic Liquids as Functional Microspheres with Tunable Optical Properties and Molecular Recognition Capabilities},
	url = {http://onlinelibrary.wiley.com/doi/10.1002/anie.201308959/abstract},
	volume = 53,
	year = 2014
}

@article{Huang20103DOrdered,
	author = {Huang, Jing and Tao, Chang-an and An, Qi and Zhang, Weixia and Wu, Yiguang and Li, Xuesong and Shen, Dezhong and Li, Guangtao},
	journal = {Chem. Commun.},
	number = 6,
	pages = {967-969},
	title = {3D-ordered macroporous poly (ionic liquid) films as multifunctional materials},
	url = {http://pubs.rsc.org/en/content/articlehtml/2010/cc/b921280a},
	volume = 46,
	year = 2010
}

@article{Xu2012Clickable,
	author = {Xu, Dan and Zhu, Wei and An, Qi and Li, Weina and Li, Xuesong and Yang, Haowei and Yin, Jinxiang and Li, Guangtao},
	journal = {Chemical Communications},
	number = 29,
	pages = {3494-3496},
	shorttitle = {Clickable inverse opal},
	title = {Clickable inverse opal: a useful platform for fabrication of stimuli-responsive photonic materials},
	url = {http://pubs.rsc.org/en/content/articlehtml/2012/cc/c2cc18081b},
	volume = 48,
	year = 2012
}

@article{Hu2006Imprinted,
	author = {Hu, Xiaobin and An, Qi and Li, Guangtao and Tao, Shengyang and Liu, Jian},
	copyright = {Copyright © 2006 WILEY-VCH Verlag GmbH \& Co. KGaA, Weinheim},
	doi = {10.1002/anie.200601849},
	issn = {1521-3773},
	journal = {Angewandte Chemie International Edition},
	lan = {en},
	number = 48,
	pages = {8145-8148},
	title = {Imprinted Photonic Polymers for Chiral Recognition},
	url = {http://onlinelibrary.wiley.com/doi/10.1002/anie.200601849/abstract},
	volume = 45,
	year = 2006
}

@article{Wang2014Robust,
	author = {Wang, Xiao-Qiao and Wang, Cai-Feng and Zhou, Zhen-Fang and Chen, Su},
	copyright = {© 2014 WILEY-VCH Verlag GmbH \& Co. KGaA, Weinheim},
	doi = {10.1002/adom.201300538},
	issn = {2195-1071},
	journal = {Advanced Optical Materials},
	lan = {en},
	number = 7,
	pages = {652--662},
	title = {Robust Mechanochromic Elastic One-Dimensional Photonic Hydrogels for Touch Sensing and Flexible Displays},
	url = {http://onlinelibrary.wiley.com/doi/10.1002/adom.201300538/abstract},
	volume = 2,
	year = 2014
}

@article{Matsubara2007Thermally,
	author = {Matsubara, Kazuki and Watanabe, Masayoshi and Takeoka, Yukikazu},
	copyright = {Copyright © 2007 WILEY-VCH Verlag GmbH \& Co. KGaA, Weinheim},
	doi = {10.1002/ange.200603554},
	issn = {1521-3757},
	journal = {Angewandte Chemie},
	lan = {en},
	number = 10,
	pages = {1718-1722},
	title = {A Thermally Adjustable Multicolor Photochromic Hydrogel},
	url = {http://onlinelibrary.wiley.com/doi/10.1002/ange.200603554/abstract},
	volume = 119,
	year = 2007
}

@article{Lee2000Photonic,
	author = {Lee, Kangtaek and Asher, Sanford A.},
	doi = {10.1021/ja002017n},
	issn = {0002-7863},
	journal = {Journal of the American Chemical Society},
	number = 39,
	pages = {9534-9537},
	shorttitle = {Photonic Crystal Chemical Sensors},
	title = {Photonic Crystal Chemical Sensors: pH and Ionic Strength},
	url = {http://dx.doi.org/10.1021/ja002017n},
	volume = 122,
	year = 2000
}

@article{Fudouzi2004Fabricating,
	author = {Fudouzi, Hiroshi},
	doi = {10.1016/j.jcis.2004.01.054},
	issn = {0021-9797},
	journal = {Journal of Colloid and Interface Science},
	number = 1,
	pages = {277-283},
	title = {Fabricating high-quality opal films with uniform structure over a large area},
	url = {http://www.sciencedirect.com/science/article/pii/S0021979704001146},
	volume = 275,
	year = 2004
}

@article{Campbell2000Fabrication,
	author = {Campbell, M. and Sharp, D. N. and Harrison, M. T. and Denning, R. G. and Turberfield, A. J.},
	copyright = {© 2000 Nature Publishing Group},
	doi = {10.1038/35003523},
	issn = {0028-0836},
	journal = {Nature},
	lan = {en},
	number = 6773,
	pages = {53-56},
	title = {Fabrication of photonic crystals for the visible spectrum by holographic lithography},
	url = {http://www.nature.com/nature/journal/v404/n6773/abs/404053a0.html},
	volume = 404,
	year = 2000
}

@article{Cumpston1999TwoPhoton,
	author = {Cumpston, Brian H. and Ananthavel, Sundaravel P. and Barlow, Stephen and Dyer, Daniel L. and Ehrlich, Jeffrey E. and Erskine, Lael L. and Heikal, Ahmed A. and Kuebler, Stephen M. and Lee, I.-Y. Sandy and McCord-Maughon, Dianne and Qin, Jinqui and Röckel, Harald and Rumi, Mariacristina and Wu, Xiang-Li and Marder, Seth R. and Perry, Joseph W.},
	copyright = {© 1999 Nature Publishing Group},
	doi = {10.1038/17989},
	issn = {0028-0836},
	journal = {Nature},
	lan = {en},
	number = 6722,
	pages = {51-54},
	title = {Two-photon polymerization initiators for three-dimensional optical data storage and microfabrication},
	url = {http://www.nature.com/nature/journal/v398/n6722/abs/398051a0.html},
	volume = 398,
	year = 1999
}

@article{Qi2004ThreeDimensional,
	author = {Qi, Minghao and Lidorikis, Elefterios and Rakich, Peter T. and Johnson, Steven G. and Joannopoulos, J. D. and Ippen, Erich P. and Smith, Henry I.},
	copyright = {© 2004 Nature Publishing Group},
	doi = {10.1038/nature02575},
	issn = {0028-0836},
	journal = {Nature},
	lan = {en},
	number = 6991,
	pages = {538-542},
	title = {A three-dimensional optical photonic crystal with designed point defects},
	url = {http://www.nature.com/nature/journal/v429/n6991/abs/nature02575.html},
	volume = 429,
	year = 2004
}

@article{Aoki2002ThreeDimensional,
	author = {Aoki, Kanna and Miyazaki, Hideki T. and Hirayama, Hideki and Inoshita, Kyoji and Baba, Toshihiko and Shinya, Norio and Aoyagi, Yoshinobu},
	journal = {Applied physics letters},
	number = 17,
	pages = {3122-3124},
	title = {Three-dimensional photonic crystals for optical wavelengths assembled by micromanipulation},
	url = {http://scitation.aip.org/content/aip/journal/apl/81/17/10.1063/1.1515117},
	volume = 81,
	year = 2002
}

@article{Caicedo2011Magnetophotonic,
	author = {Manuel Caicedo, Jose and Pascu, Oana and Lopez-Garcia, Martin and Canalejas, Victor and Blanco, Alvaro and Lopez, Cefe and Fontcuberta, Josep and Roig, Anna and Herranz, Gervasi},
	doi = {10.1021/nn1035872},
	issn = {1936-0851},
	journal = {ACS Nano},
	lan = {English},
	number = 4,
	pages = {2957-2963},
	title = {Magnetophotonic Response of Three-Dimensional Opals},
	volume = 5,
	year = 2011
}

@article{Ball2012NatureS,
	author = {Ball, Philip},
	journal = {Scientific American},
	number = 5,
	pages = {74-79},
	title = {Nature's color tricks},
	volume = 306,
	year = 2012
}

@article{John1987Strong,
	author = {John, Sajeev},
	doi = {10.1103/PhysRevLett.58.2486},
	journal = {Physical Review Letters},
	number = 23,
	pages = {2486-2489},
	title = {Strong localization of photons in certain disordered dielectric superlattices},
	url = {http://link.aps.org/doi/10.1103/PhysRevLett.58.2486},
	volume = 58,
	year = 1987
}

@article{Yablonovitch1987Inhibited,
	author = {Yablonovitch, Eli},
	doi = {10.1103/PhysRevLett.58.2059},
	journal = {Physical Review Letters},
	number = 20,
	pages = {2059-2062},
	title = {Inhibited Spontaneous Emission in Solid-State Physics and Electronics},
	url = {http://link.aps.org/doi/10.1103/PhysRevLett.58.2059},
	volume = 58,
	year = 1987
}

@article{Baba2008Slow,
	author = {Baba, Toshihiko},
	copyright = {© 2008 Nature Publishing Group},
	doi = {10.1038/nphoton.2008.146},
	issn = {1749-4885},
	journal = {Nature Photonics},
	lan = {en},
	number = 8,
	pages = {465-473},
	title = {Slow light in photonic crystals},
	url = {http://www.nature.com/nphoton/journal/v2/n8/abs/nphoton.2008.146.html},
	volume = 2,
	year = 2008
}

@article{Adawi2010Optical,
	author = {Adawi, Ali M. and Murshidy, Mohamed M. and Fry, Paul W. and Lidzey, David G.},
	doi = {10.1021/nn1001479},
	issn = {1936-0851},
	journal = {ACS Nano},
	lan = {English},
	number = 6,
	pages = {3039-3044},
	title = {An Optical Nanocavity Incorporating a Fluorescent Organic Dye Having a High Quality Factor},
	volume = 4,
	year = 2010
}

@article{Scofield2011BottomUpa,
	author = {Scofield, Adam C. and Shapiro, Joshua N. and Lin, Andrew and Williams, Alex D. and Wong, Ping-Show and Liang, Baolai L. and Huffaker, Diana L.},
	doi = {10.1021/nl200355d},
	issn = {1530-6984},
	journal = {Nano Letters},
	lan = {English},
	number = 6,
	pages = {2242-2246},
	title = {Bottom-up Photonic Crystal Cavities Formed by Patterned III-V Nanopillars},
	volume = 11,
	year = 2011
}

@article{Consales2012LabOnFiber,
	author = {Consales, Marco and Ricciardi, Armando and Crescitelli, Alessio and Esposito, Emanuela and Cutolo, Antonello and Cusano, Andrea},
	doi = {10.1021/nn204953e},
	issn = {1936-0851},
	journal = {ACS Nano},
	lan = {English},
	number = 4,
	pages = {3163-3170},
	shorttitle = {Lab-on-Fiber Technology},
	title = {Lab-on-Fiber Technology: Toward Multifunctional Optical Nanoprobes},
	volume = 6,
	year = 2012
}

@article{Wang2013FiberOptic,
	author = {Wang, Xu-Dong and Wolfbeis, Otto S.},
	doi = {10.1021/ac303159b},
	issn = {0003-2700},
	journal = {Analytical Chemistry},
	number = 2,
	pages = {487-508},
	title = {Fiber-Optic Chemical Sensors and Biosensors (2008-2012)},
	url = {http://dx.doi.org/10.1021/ac303159b},
	volume = 85,
	year = 2013
}

@article{Zhao2010Photonic,
	author = {Zhao, Yuanjin and Zhao, Xiangwei and Gu, Zhongze},
	copyright = {Copyright © 2010 WILEY-VCH Verlag GmbH \& Co. KGaA, Weinheim},
	doi = {10.1002/adfm.201000098},
	issn = {1616-3028},
	journal = {Advanced Functional Materials},
	lan = {en},
	number = 18,
	pages = {2970-2988},
	title = {Photonic Crystals in Bioassays},
	url = {http://onlinelibrary.wiley.com/doi/10.1002/adfm.201000098/abstract},
	volume = 20,
	year = 2010
}

@article{Burek2012FreeStanding,
	author = {Burek, Michael J. and de Leon, Nathalie P. and Shields, Brendan J. and Hausmann, Birgit J. M. and Chu, Yiwen and Quan, Qimin and Zibrov, Alexander S. and Park, Hongkun and Lukin, Mikhail D. and Loncar, Marko},
	doi = {10.1021/nl302541e},
	issn = {1530-6984},
	journal = {Nano Letters},
	lan = {English},
	lccn = 0000,
	number = 12,
	pages = {6084-6089},
	title = {Free-Standing Mechanical and Photonic Nanostructures in Single-Crystal Diamond},
	volume = 12,
	year = 2012
}

@article{Higashiguchi2012SolventResponsive,
	author = {Higashiguchi, Kenji and Inoue, Masafumi and Oda, Tomohiro and Matsuda, Kenji},
	doi = {10.1021/la3006234},
	issn = {0743-7463},
	journal = {Langmuir},
	lan = {English},
	number = 12,
	pages = {5432-5437},
	title = {Solvent-Responsive Structural Colored Balloons},
	volume = 28,
	year = 2012
}

@article{Wang2011Size,
	author = {Wang, Hui and Chen, Qian-Wang and Yu, Yi-Fei and Cheng, Kai and Sun, Yu-Bing},
	doi = {10.1021/jp201893z},
	issn = {1932-7447},
	journal = {Journal of Physical Chemistry C},
	lan = {English},
	number = 23,
	pages = {11427-11434},
	title = {Size- and Solvent-Dependent Magnetically Responsive Optical Diffraction of Carbon-Encapsulated Superparamagnetic Colloidal Photonic Crystals},
	volume = 115,
	year = 2011
}

@article{Haque2011Rapid,
	author = {Haque, Md Anamul and Kurokawa, Takayuki and Kamita, Gen and Yue, Youfeng and Gong, Jian Ping},
	doi = {10.1021/cm2021142},
	issn = {0897-4756},
	journal = {Chemistry of Materials},
	lan = {English},
	number = 23,
	pages = {5200-5207},
	title = {Rapid and Reversible Tuning of Structural Color of a Hydrogel over the Entire Visible Spectrum by Mechanical Stimulation},
	volume = 23,
	year = 2011
}

@article{Han2014Structural,
	author = {Han, Moon Gyu and Heo, Chul-Joon and Shim, Hongshik and Shin, Chang Gyun and Lim, Seon-Jeong and Kim, Jung Woo and Jin, Yong Wan and Lee, Sangyoon},
	copyright = {© 2014 WILEY-VCH Verlag GmbH \& Co. KGaA, Weinheim},
	doi = {10.1002/adom.201400038},
	issn = {2195-1071},
	journal = {Advanced Optical Materials},
	lan = {en},
	number = 6,
	pages = {535-541},
	title = {Structural Color Manipulation Using Tunable Photonic Crystals with Enhanced Switching Reliability},
	url = {http://onlinelibrary.wiley.com/doi/10.1002/adom.201400038/abstract},
	volume = 2,
	year = 2014
}

@article{Steinhilber2011Hyperbranched,
	author = {Steinhilber, Dirk and Seiffert, Sebastian and Heyman, John A. and Paulus, Florian and Weitz, David A. and Haag, Rainer},
	doi = {10.1016/j.biomaterials.2010.10.010},
	issn = {0142-9612},
	journal = {Biomaterials},
	number = 5,
	pages = {1311-1316},
	title = {Hyperbranched polyglycerols on the nanometer and micrometer scale},
	url = {http://www.sciencedirect.com/science/article/pii/S0142961210012986},
	volume = 32,
	year = 2011
}

@article{Stein2013Design,
	author = {Stein, Andreas and Wilson, Benjamin E. and Rudisill, Stephen G.},
	doi = {10.1039/c2cs35317b},
	issn = {0306-0012, 1460-4744},
	journal = {Chemical Society Reviews},
	lan = {en},
	number = 7,
	pages = 2763,
	title = {Design and functionality of colloidal-crystal-templated materials-chemical applications of inverse opals},
	url = {http://pubs.rsc.org/en/content/articlehtml/2013/cs/c2cs35317b},
	volume = 42,
	year = 2013
}

@article{Meseguer2002Synthesis,
	author = {Meseguer, F and Blanco, A and Mı́guez, H and Garcı́a-Santamarı́a, F and Ibisate, M and López, C},
	doi = {10.1016/S0927-7757(01)01084-6},
	issn = 09277757,
	journal = {Colloids and Surfaces A: Physicochemical and Engineering Aspects},
	number = {2-3},
	pages = {281-290},
	title = {Synthesis of inverse opals},
	url = {http://chinesesites.library.ingentaconnect.com/content/els/09277757/2002/00000202/00000002/art01084},
	volume = 202,
	year = 2002
}

@article{Kang2012Inverse,
	author = {Kang, Da-Young and Lee, Youngshin and Cho, Chang-Yeol and Moon, Jun Hyuk},
	doi = {10.1021/la300644j},
	issn = {0743-7463},
	journal = {Langmuir},
	lan = {English},
	number = 17,
	pages = {7033-7038},
	title = {Inverse Opal Carbons for Counter Electrode of Dye-Sensitized Solar Cells},
	volume = 28,
	year = 2012
}

@article{Lu2014Hybrid,
	author = {Lu, Jie and Zheng, Fuyin and Cheng, Yao and Ding, Haibo and Zhao, Yuanjin and Gu, Zhongze},
	doi = {10.1039/C4NR02626H},
	issn = {2040-3364, 2040-3372},
	journal = {Nanoscale},
	lan = {en},
	number = 18,
	pages = 10650,
	title = {Hybrid inverse opals for regulating cell adhesion and orientation},
	url = {http://pubs.rsc.org/en/content/articlehtml/2014/nr/c4nr02626h},
	volume = 6,
	year = 2014
}

@article{Zhou2014Photoelectrodes,
	author = {Zhou, Min and Bao, Jian and Xu, Yang and Zhang, Jiajia and Xie, Junfeng and Guan, Meili and Wang, Chengliang and Wen, Liaoyong and Lei, Yong and Xie, Yi},
	doi = {10.1021/nn501996a},
	issn = {1936-0851},
	journal = {ACS Nano},
	number = 7,
	pages = {7088-7098},
	shorttitle = {Photoelectrodes Based upon Mo},
	title = {Photoelectrodes Based upon Mo:BiVO4 Inverse Opals for Photoelectrochemical Water Splitting},
	url = {http://dx.doi.org/10.1021/nn501996a},
	volume = 8,
	year = 2014
}

@article{Kim2014CellFriendly,
	author = {Kim, Jaeyun and Bencherif, Sidi A. and Li, Weiwei Aileen and Mooney, David J.},
	copyright = {© 2014 WILEY-VCH Verlag GmbH \& Co. KGaA, Weinheim},
	doi = {10.1002/marc.201400278},
	issn = {1521-3927},
	journal = {Macromolecular Rapid Communications},
	lan = {en},
	number = 18,
	pages = {1578-1586},
	title = {Cell-Friendly Inverse Opal-Like Hydrogels for a Spatially Separated Co-Culture System},
	url = {http://onlinelibrary.wiley.com/doi/10.1002/marc.201400278/abstract},
	volume = 35,
	year = 2014
}

@article{Kim2014Inverse,
	author = {Kim, Jung-Hwan and Kim, Jeong-Hoon and Choi, Keun-Ho and Yu, Hyung Kyun and Kim, Jong Hun and Lee, Joo Sung and Lee, Sang-Young},
	doi = {10.1021/nl5014037},
	issn = {1530-6984},
	journal = {Nano Letters},
	number = 8,
	pages = {4438-4448},
	shorttitle = {Inverse Opal-Inspired, Nanoscaffold Battery Separators},
	title = {Inverse Opal-Inspired, Nanoscaffold Battery Separators: A New Membrane Opportunity for High-Performance Energy Storage Systems},
	url = {http://dx.doi.org/10.1021/nl5014037},
	volume = 14,
	year = 2014
}

@article{Yablonovitch1991Photonic,
	author = {Yablonovitch, E. and Gmitter, T. J. and Leung, K. M.},
	doi = {10.1103/PhysRevLett.67.2295},
	journal = {Physical Review Letters},
	number = 17,
	pages = {2295-2298},
	shorttitle = {Photonic band structure},
	title = {Photonic band structure: The face-centered-cubic case employing nonspherical atoms},
	url = {http://link.aps.org/doi/10.1103/PhysRevLett.67.2295},
	volume = 67,
	year = 1991
}

@article{Hausmann2012Integrated,
	author = {Hausmann, Birgit J. M. and Shields, Brendan and Quan, Qimin and Maletinsky, Patrick and McCutcheon, Murray and Choy, Jennifer T. and Babinec, Tom M. and Kubanek, Alexander and Yacoby, Amir and Lukin, Mikhail D. and Loncar, Marko},
	doi = {10.1021/nl204449n},
	issn = {1530-6984},
	journal = {Nano Letters},
	lan = {English},
	number = 3,
	pages = {1578-1582},
	title = {Integrated Diamond Networks for Quantum Nanophotonics},
	volume = 12,
	year = 2012
}

@article{Johnson2000ThreeDimensionally,
	author = {Johnson, Steven G. and Joannopoulos, J. D.},
	doi = {10.1063/1.1328369},
	issn = {0003-6951, 1077-3118},
	journal = {Applied Physics Letters},
	number = 22,
	pages = {3490-3492},
	title = {Three-dimensionally periodic dielectric layered structure with omnidirectional photonic band gap},
	url = {http://scitation.aip.org/content/aip/journal/apl/77/22/10.1063/1.1328369},
	volume = 77,
	year = 2000
}

@article{Lin1998ThreeDimensional,
	author = {Lin, S. Y. and Fleming, J. G. and Hetherington, D. L. and Smith, B. K. and Biswas, R. and Ho, K. M. and Sigalas, M. M. and Zubrzycki, W. and Kurtz, S. R. and Bur, Jim},
	copyright = {© 1998 Nature Publishing Group},
	doi = {10.1038/28343},
	issn = {0028-0836},
	journal = {Nature},
	lan = {en},
	number = 6690,
	pages = {251-253},
	title = {A three-dimensional photonic crystal operating at infrared wavelengths},
	url = {http://www.nature.com/nature/journal/v394/n6690/abs/394251a0.html},
	volume = 394,
	year = 1998
}

@article{Noda2000Full,
	author = {Noda, Susumu and Tomoda, Katsuhiro and Yamamoto, Noritsugu and Chutinan, Alongkarn},
	doi = {10.1126/science.289.5479.604},
	issn = {0036-8075, 1095-9203},
	journal = {Science},
	lan = {en},
	number = 5479,
	pages = {604-606},
	title = {Full Three-Dimensional Photonic Bandgap Crystals at Near-Infrared Wavelengths},
	url = {http://www.sciencemag.org/content/289/5479/604},
	volume = 289,
	year = 2000
}

@article{Blanco2000LargeScale,
	author = {Blanco, Alvaro and Chomski, Emmanuel and Grabtchak, Serguei and Ibisate, Marta and John, Sajeev and Leonard, Stephen W. and Lopez, Cefe and Meseguer, Francisco and Miguez, Hernan and Mondia, Jessica P. and Ozin, Geoffrey A. and Toader, Ovidiu and Driel, Henry M. van},
	copyright = {© 2000 Nature Publishing Group},
	doi = {10.1038/35013024},
	issn = {0028-0836},
	journal = {Nature},
	lan = {en},
	number = 6785,
	pages = {437-440},
	title = {Large-scale synthesis of a silicon photonic crystal with a complete three-dimensional bandgap near 1.5 micrometres},
	url = {http://www.nature.com/nature/journal/v405/n6785/full/405437a0.html},
	volume = 405,
	year = 2000
}

@article{Aoki2003Microassembly,
	author = {Aoki, Kanna and Miyazaki, Hideki T. and Hirayama, Hideki and Inoshita, Kyoji and Baba, Toshihiko and Sakoda, Kazuaki and Shinya, Norio and Aoyagi, Yoshinobu},
	journal = {Nature materials},
	number = 2,
	pages = {117-121},
	title = {Microassembly of semiconductor three-dimensional photonic crystals},
	url = {http://www.nature.com/nmat/journal/v2/n2/abs/nmat802.html},
	volume = 2,
	year = 2003
}

@article{Juarez2004Selective,
	author = {Juárez, B. H. and Golmayo, D. and Postigo, P. A. and López, C.},
	doi = {10.1002/adma.200400285},
	issn = {1521-4095},
	journal = {Advanced Materials},
	lan = {en},
	number = 19,
	pages = {1732-1736},
	title = {Selective Formation of Inverted Opals by Electron-Beam Lithography},
	url = {http://onlinelibrary.wiley.com/doi/10.1002/adma.200400285/abstract},
	volume = 16,
	year = 2004
}

@article{Campbell2005OneStep,
	author = {Campbell, Christopher J. and Klajn, Rafal and Fialkowski, Marcin and Grzybowski, Bartosz A.},
	doi = {10.1021/la0487747},
	issn = {0743-7463},
	journal = {Langmuir},
	number = 1,
	pages = {418-423},
	title = {One-Step Multilevel Microfabrication by Reaction−Diffusion},
	url = {http://dx.doi.org/10.1021/la0487747},
	volume = 21,
	year = 2005
}

@article{Fink1999Block,
	author = {Fink, Y. and Urbas, A.M. and Bawendi, Moungi G. and Joannopoulos, John D. and Thomas, Edwin L.},
	doi = {10.1109/50.802981},
	issn = {0733-8724},
	journal = {Journal of Lightwave Technology},
	number = 11,
	pages = {1963-1969},
	title = {Block copolymers as photonic bandgap materials},
	volume = 17,
	year = 1999
}

@article{Kang2009Full,
	author = {Kang, Changjoon and Kim, Eunjoo and Baek, Heeyoel and Hwang, Kyosung and Kwak, Dongwoo and Kang, Youngjong and Thomas, Edwin L.},
	doi = {10.1021/ja9021478},
	issn = {0002-7863},
	journal = {Journal of the American Chemical Society},
	lan = {English},
	lccn = 0034,
	number = 22,
	pages = {7538-+},
	title = {Full Color Stop Bands in Hybrid Organic/Inorganic Block Copolymer Photonic Gels by Swelling-Freezing},
	volume = 131,
	year = 2009
}

@article{Miyake2012Synthesis,
	author = {Miyake, Garret M. and Weitekamp, Raymond A. and Piunova, Victoria A. and Grubbs, Robert H.},
	doi = {10.1021/ja306430k},
	issn = {0002-7863},
	journal = {Journal of the American Chemical Society},
	lan = {English},
	lccn = 0002,
	number = 34,
	pages = {14249-14254},
	title = {Synthesis of Isocyanate-Based Brush Block Copolymers and Their Rapid Self-Assembly to Infrared-Reflecting Photonic Crystals},
	volume = 134,
	year = 2012
}

@article{Hsueh2014Shifting,
	author = {Hsueh, Han-Yu and Ling, Yi-Chun and Wang, Hsiao-Fang and Chien, Lung-Yu Chang and Hung, Yu-Chueh and Thomas, Edwin L. and Ho, Rong-Ming},
	copyright = {© 2014 WILEY-VCH Verlag GmbH \& Co. KGaA, Weinheim},
	doi = {10.1002/adma.201305618},
	issn = {1521-4095},
	journal = {Advanced Materials},
	lan = {en},
	number = 20,
	pages = {3225-3229},
	title = {Shifting Networks to Achieve Subgroup Symmetry Properties},
	url = {http://onlinelibrary.wiley.com/doi/10.1002/adma.201305618/abstract},
	volume = 26,
	year = 2014
}

@article{Hsueh2010Inorganic,
	author = {Hsueh, Han-Yu and Chen, Hung-Ying and She, Ming-Shiuan and Chen, Chun-Ku and Ho, Rong-Ming and Gwo, Shangjr and Hasegawa, Hirokazu and Thomas, Edwin L.},
	doi = {10.1021/nl103104w},
	issn = {1530-6984},
	journal = {Nano Letters},
	lan = {English},
	number = 12,
	pages = {4994-5000},
	title = {Inorganic Gyroid with Exceptionally Low Refractive Index from Block Copolymer Templating},
	volume = 10,
	year = 2010
}

@article{Darragh1966Origin,
	author = {Darragh, P. J. and Gaskin, A. J. and Terrell, B. C. and Sanders, J. V.},
	copyright = {© 1966 Nature Publishing Group},
	doi = {10.1038/209013a0},
	journal = {Nature},
	lan = {en},
	number = 5018,
	pages = {13-16},
	title = {Origin of Precious Opal},
	url = {http://www.nature.com/nature/journal/v209/n5018/abs/209013a0.html},
	volume = 209,
	year = 1966
}

@article{Iler1965Formation,
	author = {Iler, R. K.},
	copyright = {© 1965 Nature Publishing Group},
	doi = {10.1038/207472a0},
	journal = {Nature},
	lan = {en},
	number = 4996,
	pages = {472-473},
	title = {Formation of Precious Opal},
	url = {http://www.nature.com/nature/journal/v207/n4996/abs/207472a0.html},
	volume = 207,
	year = 1965
}

@book{Darragh1970Opaline,
	author = {Darragh, Peter John and Gaskin, Arthur John},
	publisher = {Google Patents},
	title = {Opaline materials and method of preparation},
	url = {https://www.google.com/patents/US3497367},
	year = 1970
}

@article{Jiang1999SingleCrystal,
	author = {Jiang, P. and Bertone, J. F. and Hwang, K. S. and Colvin, V. L.},
	journal = {Chemistry of Materials},
	number = 8,
	pages = {2132-2140},
	title = {Single-crystal colloidal multilayers of controlled thickness},
	url = {http://pubs.ACS.org/doi/abs/10.1021/cm990080+},
	volume = 11,
	year = 1999
}

@article{Hatton2010Assembly,
	author = {Hatton, Benjamin and Mishchenko, Lidiya and Davis, Stan and Sandhage, Kenneth H. and Aizenberg, Joanna},
	doi = {10.1073/pnas.1000954107},
	issn = {0027-8424, 1091-6490},
	journal = {Proceedings of the National Academy of Sciences},
	lan = {en},
	number = 23,
	pages = {10354-10359},
	title = {Assembly of large-area, highly ordered, crack-free inverse opal films},
	url = {http://www.pnas.org/content/107/23/10354},
	volume = 107,
	year = 2010
}

@article{Fudouzi2007Novel,
	author = {Fudouzi, Hiroshi},
	doi = {10.1016/j.colsurfa.2007.08.034},
	issn = {0927-7757},
	journal = {Colloids and Surfaces A: Physicochemical and Engineering Aspects},
	number = {1-3},
	pages = {11-15},
	shorttitle = {Engineering Particle Technology},
	title = {Novel coating method for artificial opal films and its process analysis},
	url = {http://www.sciencedirect.com/science/article/pii/S0927775707008151},
	volume = 311,
	year = 2007
}

@article{Huang2012Colloidal,
	author = {Huang, Yu and Zhou, Jinming and Su, Bin and Shi, Lei and Wang, Jingxia and Chen, Shuoran and Wang, Libin and Zi, Jian and Song, Yanlin and Jiang, Lei},
	doi = {10.1021/ja304751k},
	issn = {0002-7863},
	journal = {Journal of the American Chemical Society},
	lan = {English},
	number = 41,
	pages = {17053-17058},
	title = {Colloidal Photonic Crystals with Narrow Stopbands Assembled from Low-Adhesive Superhydrophobic Substrates},
	volume = 134,
	year = 2012
}

@article{Bai2014BioInspired,
	author = {Bai, Ling and Xie, Zhuoying and Wang, Wei and Yuan, Chunwei and Zhao, Yuanjin and Mu, Zhongde and Zhong, Qifeng and Gu, Zhongze},
	doi = {10.1021/nn504659p},
	issn = {1936-0851},
	journal = {ACS Nano},
	title = {Bio-Inspired Vapor-Responsive Colloidal Photonic Crystal Patterns by Inkjet Printing},
	url = {http://dx.doi.org/10.1021/nn504659p},
	year = 2014
}

@article{Zhao2006Colloidal,
	author = {Zhao, Xiangwei and Cao, Yun and Ito, Fuyumi and Chen, Hai-Hua and Nagai, Keiji and Zhao, Yu-Hua and Gu, Zhong-Ze},
	copyright = {Copyright © 2006 WILEY-VCH Verlag GmbH \& Co. KGaA, Weinheim},
	doi = {10.1002/anie.200601302},
	issn = {1521-3773},
	journal = {Angewandte Chemie International Edition},
	lan = {en},
	number = 41,
	pages = {6835-6838},
	title = {Colloidal Crystal Beads as Supports for Biomolecular Screening},
	url = {http://onlinelibrary.wiley.com/doi/10.1002/anie.200601302/abstract},
	volume = 45,
	year = 2006
}

@article{Zhao2014Spherical,
	author = {Zhao, Yuanjin and Shang, Luoran and Cheng, Yao and Gu, Zhongze},
	doi = {10.1021/ar500317s},
	issn = {0001-4842},
	journal = {Accounts of Chemical Research},
	number = 12,
	pages = {3632-3642},
	title = {Spherical Colloidal Photonic Crystals},
	url = {http://dx.doi.org/10.1021/ar500317s},
	volume = 47,
	year = 2014
}

@article{Muscatello2008PolyVinyl,
	author = {Muscatello, Michelle M. Ward and Asher, Sanford A.},
	copyright = {Copyright © 2008 WILEY-VCH Verlag GmbH \& Co. KGaA, Weinheim},
	doi = {10.1002/adfm.200701210},
	issn = {1616-3028},
	journal = {Advanced Functional Materials},
	lan = {en},
	number = 8,
	pages = {1186-1193},
	title = {Poly(vinyl alcohol) Rehydratable Photonic Crystal Sensor Materials},
	url = {http://onlinelibrary.wiley.com/doi/10.1002/adfm.200701210/abstract},
	volume = 18,
	year = 2008
}

@article{Jiang2004LargeScale,
	author = {Jiang, Peng and McFarland, Michael J.},
	doi = {10.1021/ja0470923},
	issn = {0002-7863},
	journal = {Journal of the American Chemical Society},
	number = 42,
	pages = {13778-13786},
	title = {Large-Scale Fabrication of Wafer-Size Colloidal Crystals, Macroporous Polymers and Nanocomposites by Spin-Coating},
	url = {http://dx.doi.org/10.1021/ja0470923},
	volume = 126,
	year = 2004
}

@article{Arpin2011Electrodeposited,
	author = {Arpin, Kevin A. and Losego, Mark D. and Braun, Paul V.},
	doi = {10.1021/cm2019789},
	issn = {0897-4756},
	journal = {Chemistry of Materials},
	lan = {English},
	number = 21,
	pages = {4783-4788},
	title = {Electrodeposited 3D Tungsten Photonic Crystals with Enhanced Thermal Stability},
	volume = 23,
	year = 2011
}

@article{Sun2008Fabrication,
	author = {Sun, Cheng and Zhao, Xiang-Wei and Zhao, Yuan-Jin and Zhu, Rong and Gu, Zhong-Ze},
	copyright = {Copyright © 2008 WILEY-VCH Verlag GmbH \& Co. KGaA, Weinheim},
	doi = {10.1002/smll.200701026},
	issn = {1613-6829},
	journal = {Small},
	lan = {en},
	number = 5,
	pages = {592-596},
	title = {Fabrication of Colloidal Crystal Beads by a Drop-Breaking Technique and Their Application as Bioassays},
	url = {http://onlinelibrary.wiley.com/doi/10.1002/smll.200701026/abstract},
	volume = 4,
	year = 2008
}

@article{Shen2010Fabrication,
	author = {Shen, Zhehong and Zhu, Yue and Wu, Limin and You, Bo and Zi, Jian},
	doi = {10.1021/la903938s},
	issn = {0743-7463},
	journal = {Langmuir},
	lan = {English},
	number = 9,
	pages = {6604-6609},
	title = {Fabrication of Robust Crystal Balls from the Electrospray of Soft Polymer Spheres/Silica Dispersion},
	volume = 26,
	year = 2010
}

@article{Yang2010LargeScale,
	author = {Yang, Hongta and Jiang, Peng},
	doi = {10.1021/la101721v},
	issn = {0743-7463},
	journal = {Langmuir},
	lan = {English},
	number = 16,
	pages = {13173-13182},
	title = {Large-Scale Colloidal Self-Assembly by Doctor Blade Coating},
	volume = 26,
	year = 2010
}

@article{Norris2004Opaline,
	author = {Norris, D. J. and Arlinghaus, E. G. and Meng, L. and Heiny, R. and Scriven, L. E.},
	copyright = {Copyright © 2004 WILEY-VCH Verlag GmbH \& Co. KGaA, Weinheim},
	doi = {10.1002/adma.200400455},
	issn = {1521-4095},
	journal = {Advanced Materials},
	lan = {en},
	number = 16,
	pages = {1393-1399},
	shorttitle = {Opaline Photonic Crystals},
	title = {Opaline Photonic Crystals: How Does Self-Assembly Work?},
	url = {http://onlinelibrary.wiley.com/doi/10.1002/adma.200400455/abstract},
	volume = 16,
	year = 2004
}

@article{Reese2001Development,
	author = {Reese, Chad E. and Baltusavich, Michael E. and Keim, Jonathan P. and Asher, Sanford A.},
	journal = {Analytical chemistry},
	number = 21,
	pages = {5038-5042},
	title = {Development of an intelligent polymerized crystalline colloidal array colorimetric reagent},
	url = {http://pubs.ACS.org/doi/abs/10.1021/ac010667j},
	volume = 73,
	year = 2001
}

@article{Asher2003Photonic,
	author = {Asher, Sanford A. and Sharma, Anjal C. and Goponenko, Alexander V. and Ward, Michelle M.},
	journal = {Analytical chemistry},
	number = 7,
	pages = {1676-1683},
	title = {Photonic crystal aqueous metal cation sensing materials},
	url = {http://pubs.ACS.org/doi/abs/10.1021/ac026328n},
	volume = 75,
	year = 2003
}

@article{Xu2008Polymerized,
	author = {Xu, Xiangling and Goponenko, Alexander V. and Asher, Sanford A.},
	doi = {10.1021/ja077979+},
	issn = {0002-7863},
	journal = {Journal of the American Chemical Society},
	number = 10,
	pages = {3113-3119},
	shorttitle = {Polymerized PolyHEMA Photonic Crystals},
	title = {Polymerized PolyHEMA Photonic Crystals: pH and Ethanol Sensor Materials},
	url = {http://dx.doi.org/10.1021/ja077979+},
	volume = 130,
	year = 2008
}

@article{Honda2009Confined,
	author = {Honda, Masaki and Kataoka, Kazunori and Seki, Takahiro and Takeoka, Yukikazu},
	doi = {10.1021/la804262b},
	issn = {0743-7463},
	journal = {Langmuir},
	lan = {English},
	number = 14,
	pages = {8349-8356},
	title = {Confined Stimuli-Responsive Polymer Gel in Inverse Opal Polymer Membrane for Colorimetric Glucose Sensor},
	volume = 25,
	year = 2009
}

@article{Takeoka2002Polymer,
	author = {Takeoka, Yukikazu and Watanabe, Masayoshi},
	doi = {10.1021/la020133t},
	issn = {0743-7463},
	journal = {Langmuir},
	number = 16,
	pages = {5977-5980},
	title = {Polymer Gels that Memorize Structures of Mesoscopically Sized Templates. Dynamic and Optical Nature of Periodic Ordered Mesoporous Chemical Gels},
	url = {http://dx.doi.org/10.1021/la020133t},
	volume = 18,
	year = 2002
}

@article{Scheid2014Redox,
	author = {Scheid, D. and Lederle, C. and Vowinkel, S. and Schäfer, C. G. and Stühn, B. and Gallei, M.},
	doi = {10.1039/C3TC32525C},
	issn = {2050-7534},
	journal = {Journal of Materials Chemistry C},
	lan = {en},
	number = 14,
	pages = {2583-2590},
	title = {Redox- and mechano-chromic response of metallopolymer-based elastomeric colloidal crystal films},
	url = {http://pubs.rsc.org/en/content/articlelanding/2014/tc/c3tc32525c},
	volume = 2,
	year = 2014
}

@article{Hu2007Construction,
	author = {Hu, X. and Li, G. and Huang, J. and Zhang, D. and Qiu, Y.},
	copyright = {Copyright © 2007 WILEY-VCH Verlag GmbH \& Co. KGaA, Weinheim},
	doi = {10.1002/adma.200701084},
	issn = {1521-4095},
	journal = {Advanced Materials},
	lan = {en},
	number = 24,
	pages = {4327-4332},
	title = {Construction of Self-Reporting Specific Chemical Sensors with High Sensitivity},
	url = {http://onlinelibrary.wiley.com/doi/10.1002/adma.200701084/abstract},
	volume = 19,
	year = 2007
}

@article{Hu2008Ultrasensitive,
	author = {Hu, Xiaobin and Li, Guangtao and Li, Mohan and Huang, Jing and Li, Yan and Gao, Yongbin and Zhang, Yihe},
	journal = {Advanced Functional Materials},
	number = 4,
	pages = {575-583},
	title = {Ultrasensitive specific stimulant assay based on molecularly imprinted photonic hydrogels},
	url = {http://onlinelibrary.wiley.com/doi/10.1002/adfm.200700527/abstract},
	volume = 18,
	year = 2008
}

@article{Wu2008LabelFree,
	author = {Wu, Zhen and Tao, Cheng-an and Lin, Changxu and Shen, Dezhong and Li, Guangtao},
	journal = {Chemistry-A European Journal},
	number = 36,
	pages = {11358-11368},
	title = {Label-Free Colorimetric Detection of Trace Atrazine in Aqueous Solution by Using Molecularly Imprinted Photonic Polymers},
	url = {http://onlinelibrary.wiley.com/doi/10.1002/chem.200801250/full},
	volume = 14,
	year = 2008
}

@article{Xu2014LabelFree,
	author = {Xu, Dan and Zhu, Wei and Wang, Chen and Tian, Tian and Li, Jian and Lan, Yue and Zhang, Guanxin and Zhang, Deqing and Li, Guangtao},
	doi = {10.1039/C4CC05810K},
	issn = {1364-548X},
	journal = {Chemical Communications},
	lan = {en},
	number = 91,
	pages = {14133-14136},
	title = {Label-free detection and discrimination of poly-brominated diphenylethers using molecularly imprinted photonic cross-reactive sensor arrays},
	url = {http://pubs.rsc.org/en/content/articlelanding/2014/cc/c4cc05810k},
	volume = 50,
	year = 2014
}

@article{Xu2014Molecularly,
	author = {Xu, Dan and Zhu, Wei and Wang, Chen and Tian, Tian and Cui, Jiecheng and Li, Jian and Wang, Hui and Li, Guangtao},
	copyright = {© 2014 WILEY-VCH Verlag GmbH \& Co. KGaA, Weinheim},
	doi = {10.1002/chem.201404101},
	issn = {1521-3765},
	journal = {Chemistry - A European Journal},
	lan = {en},
	number = 50,
	pages = {16620-16625},
	title = {Molecularly Imprinted Photonic Polymers as Sensing Elements for the Creation of Cross-Reactive Sensor Arrays},
	url = {http://onlinelibrary.wiley.com/doi/10.1002/chem.201404101/abstract},
	volume = 20,
	year = 2014
}

@article{Kolb2001Click,
	author = {Kolb, Hartmuth C. and Finn, M. G. and Sharpless, K. Barry},
	copyright = {© 2001 WILEY-VCH Verlag GmbH, Weinheim, Fed. Rep. of Germany},
	doi = {10.1002/1521-3773(20010601)40:11{	extless}2004::AID-ANIE2004{	extgreater}3.0.CO;2-5},
	issn = {1521-3773},
	journal = {Angewandte Chemie International Edition},
	lan = {en},
	number = 11,
	pages = {2004-2021},
	shorttitle = {Click Chemistry},
	title = {Click Chemistry: Diverse Chemical Function from a Few Good Reactions},
	url = {http://onlinelibrary.wiley.com/doi/10.1002/1521-3773(20010601)40:11{	extless}2004::AID-ANIE2004{	extgreater}3.0.CO;2-5/abstract},
	volume = 40,
	year = 2001
}

@article{Li2012Reactive,
	author = {Li, Xuesong and Peng, Lihua and Cui, Jiecheng and Li, Weina and Lin, Changxu and Xu, Dan and Tian, Tian and Zhang, Guanxin and Zhang, Deqing and Li, Guangtao},
	copyright = {Copyright © 2012 WILEY-VCH Verlag GmbH \& Co. KGaA, Weinheim},
	doi = {10.1002/smll.201101934},
	issn = {1613-6829},
	journal = {Small},
	lan = {en},
	number = 4,
	pages = {612-618},
	title = {Reactive Photonic Film for Label-Free and Selective Sensing of Cyanide},
	url = {http://onlinelibrary.wiley.com/doi/10.1002/smll.201101934/abstract},
	volume = 8,
	year = 2012
}

@article{Huang2010Visual,
	author = {Huang, Jing and Tao, Cheng-an and An, Qi and Lin, Changxu and Li, Xuesong and Xu, Dan and Wu, Yiguang and Li, Xiaogang and Shen, Dezhong and Li, Guangtao},
	journal = {Chem. Commun.},
	number = 23,
	pages = {4103-4105},
	title = {Visual indication of enviromental humidity by using poly (ionic liquid) photonic crystals},
	url = {http://pubs.rsc.org/en/content/articlehtml/2010/cc/c003325a},
	volume = 46,
	year = 2010
}

@article{Ge2009Rewritable,
	author = {Ge, Jianping and Goebl, James and He, Le and Lu, Zhenda and Yin, Yadong},
	copyright = {Copyright © 2009 WILEY-VCH Verlag GmbH \& Co. KGaA, Weinheim},
	doi = {10.1002/adma.200901562},
	issn = {1521-4095},
	journal = {Advanced Materials},
	lan = {en},
	number = 42,
	pages = {4259-4264},
	title = {Rewritable Photonic Paper with Hygroscopic Salt Solution as Ink},
	url = {http://onlinelibrary.wiley.com/doi/10.1002/adma.200901562/abstract},
	volume = 21,
	year = 2009
}

@article{Liu2007Poly4VinylpyridineBased,
	author = {Liu, Jian and Li, Guangtao and Wu, Zhen and An, Qi and Qiu, Yong},
	copyright = {Copyright © 2007 WILEY-VCH Verlag GmbH \& Co. KGaA, Weinheim},
	doi = {10.1002/cphc.200700031},
	issn = {1439-7641},
	journal = {ChemPhysChem},
	lan = {en},
	number = 9,
	pages = {1298-1302},
	title = {A Poly(4-vinylpyridine)-Based Inverse Opal},
	url = {http://onlinelibrary.wiley.com/doi/10.1002/cphc.200700031/abstract},
	volume = 8,
	year = 2007
}

@article{Xuan2011Invisible,
	author = {Xuan, Ruyang and Ge, Jianping},
	doi = {10.1039/C1JM14082E},
	issn = {1364-5501},
	journal = {Journal of Materials Chemistry},
	lan = {en},
	number = 2,
	pages = {367-372},
	title = {Invisible photonic prints shown by water},
	url = {http://pubs.rsc.org/en/content/articlelanding/2012/jm/c1jm14082e},
	volume = 22,
	year = 2011
}

@article{Lange2004Photoprocessable,
	author = {Lange, Birger and Zentel, Rudolf and Ober, Christopher and Marder, Seth},
	doi = {10.1021/cm048834u},
	issn = {0897-4756},
	journal = {Chemistry of Materials},
	lccn = 0019,
	number = 25,
	pages = {5286-5292},
	title = {Photoprocessable Polymer Opals},
	url = {http://dx.doi.org/10.1021/cm048834u},
	volume = 16,
	year = 2004
}

@article{Lee2006Pixellated,
	author = {Lee, S.-K. and Yi, G.-R. and Moon, J. H. and Yang, S.-M. and Pine, D. J.},
	copyright = {Copyright © 2006 WILEY-VCH Verlag GmbH \& Co. KGaA, Weinheim},
	doi = {10.1002/adma.200502630},
	issn = {1521-4095},
	journal = {Advanced Materials},
	lan = {en},
	lccn = 0019,
	number = 16,
	pages = {2111-2116},
	title = {Pixellated Photonic Crystal Films by Selective Photopolymerization},
	url = {http://onlinelibrary.wiley.com/doi/10.1002/adma.200502630/abstract},
	volume = 18,
	year = 2006
}

@article{Yan2005Line,
	author = {Yan, Q. and Zhou, Z. and Zhao, X. S. and Chua, S. J.},
	copyright = {Copyright © 2005 WILEY-VCH Verlag GmbH \& Co. KGaA, Weinheim},
	doi = {10.1002/adma.200500047},
	issn = {1521-4095},
	journal = {Advanced Materials},
	lan = {en},
	number = 15,
	pages = {1917-1920},
	title = {Line Defects Embedded in Three-Dimensional Photonic Crystals},
	url = {http://onlinelibrary.wiley.com/doi/10.1002/adma.200500047/abstract},
	volume = 17,
	year = 2005
}

@article{Lee2014Controlled,
	author = {Lee, Su Yeon and Kim, Shin-Hyun and Hwang, Hyerim and Sim, Jae Young and Yang, Seung-Man},
	copyright = {© 2014 WILEY-VCH Verlag GmbH \& Co. KGaA, Weinheim},
	doi = {10.1002/adma.201304654},
	issn = {1521-4095},
	journal = {Advanced Materials},
	lan = {en},
	number = 15,
	pages = {2391-2397},
	title = {Controlled Pixelation of Inverse Opaline Structures Towards Reflection-Mode Displays},
	url = {http://onlinelibrary.wiley.com/doi/10.1002/adma.201304654/abstract},
	volume = 26,
	year = 2014
}

@article{Ding2011Patterning,
	author = {Ding, Tao and Luo, Liang and Wang, Hong and Chen, Li and Liang, Kui and Clays, Koen and Song, Kai and Yang, Guoqiang and Tung, Chen-Ho},
	doi = {10.1039/C1JM11194A},
	issn = {1364-5501},
	journal = {Journal of Materials Chemistry},
	lan = {en},
	number = 30,
	pages = {11330-11334},
	title = {Patterning and pixelation of colloidal photonic crystals for addressable integrated photonics},
	url = {http://pubs.rsc.org/en/content/articlelanding/2011/jm/c1jm11194a},
	volume = 21,
	year = 2011
}

@article{Kang2011High,
	author = {Kang, Pilgyu and Ogunbo, Samuel O. and Erickson, David},
	doi = {10.1021/la201973b},
	issn = {0743-7463},
	journal = {Langmuir},
	lccn = 0004,
	number = 16,
	pages = {9676-9680},
	title = {High Resolution Reversible Color Images on Photonic Crystal Substrates},
	url = {http://dx.doi.org/10.1021/la201973b},
	volume = 27,
	year = 2011
}

@article{He2011Assembly,
	author = {He, Le and Hu, Yongxing and Han, Xiaogang and Lu, Yu and Lu, Zhenda and Yin, Yadong},
	doi = {10.1021/la2026768},
	issn = {0743-7463},
	journal = {Langmuir},
	number = 22,
	pages = {13444-13450},
	title = {Assembly and Photonic Properties of Superparamagnetic Colloids in Complex Magnetic Fields},
	url = {http://dx.doi.org/10.1021/la2026768},
	volume = 27,
	year = 2011
}

@article{Ge2010Niche,
	author = {Ge, Jianping and Kwon, Sunghoon and Yin, Yadong},
	doi = {10.1039/C0JM00083C},
	issn = {1364-5501},
	journal = {Journal of Materials Chemistry},
	lan = {en},
	number = 28,
	pages = {5777-5784},
	title = {Niche applications of magnetically responsive photonic structures},
	url = {http://pubs.rsc.org/en/content/articlelanding/2010/jm/c0jm00083c},
	volume = 20,
	year = 2010
}

@article{Xuan2011Photonic,
	author = {Xuan, Ruyang and Ge, Jianping},
	doi = {10.1021/la200571y},
	issn = {0743-7463},
	journal = {Langmuir},
	number = 9,
	pages = {5694-5699},
	title = {Photonic Printing through the Orientational Tuning of Photonic Structures and Its Application to Anticounterfeiting Labels},
	url = {http://dx.doi.org/10.1021/la200571y},
	volume = 27,
	year = 2011
}

@article{Kim2009Structural,
	author = {Kim, Hyoki and Ge, Jianping and Kim, Junhoi and Choi, Sung-eun and Lee, Hosuk and Lee, Howon and Park, Wook and Yin, Yadong and Kwon, Sunghoon},
	copyright = {© 2009 Nature Publishing Group},
	doi = {10.1038/nphoton.2009.141},
	issn = {1749-4885},
	journal = {Nature Photonics},
	lan = {en},
	number = 9,
	pages = {534-540},
	title = {Structural colour printing using a magnetically tunable and lithographically fixable photonic crystal},
	url = {http://www.nature.com/nphoton/journal/v3/n9/full/nphoton.2009.141.html},
	volume = 3,
	year = 2009
}

@article{Burgess2012Encoding,
	author = {Burgess, Ian B. and Mishchenko, Lidiya and Hatton, Benjamin D. and Kolle, Mathias and Loncar, Marko and Aizenberg, Joanna},
	doi = {10.1021/ja211198e},
	issn = {0002-7863},
	journal = {Journal of the American Chemical Society},
	lan = {English},
	lccn = 0000,
	number = 2,
	pages = {1374-1374},
	title = {Encoding Complex Wettability Patterns in Chemically Functionalized 3D Photonic Crystals},
	volume = 134,
	year = 2012
}

@article{Wang2011Tuning,
	author = {Wang, Jianying and Han, Yanchun},
	doi = {10.1016/j.jcis.2010.10.002},
	issn = {0021-9797},
	journal = {Journal of Colloid and Interface Science},
	number = 2,
	pages = {498-505},
	title = {Tuning the stop bands of inverse opal hydrogels with double network structure by controlling the solvent and pH},
	url = {http://www.sciencedirect.com/science/article/pii/S0021979710011665},
	volume = 353,
	year = 2011
}

@article{Lee2012Preparation,
	author = {Lee, Yeongmin and Park, Sangphil and Han, Sang Won and Lim, Tae Geuk and Koh, Won-Gun},
	doi = {10.1016/j.bios.2012.02.056},
	issn = {0956-5663},
	journal = {Biosensors and Bioelectronics},
	lccn = 0002,
	number = 1,
	pages = {243-250},
	title = {Preparation of photolithographically patterned inverse opal hydrogel microstructures and its application to protein patterning},
	url = {http://www.sciencedirect.com/science/article/pii/S0956566312001352},
	volume = 35,
	year = 2012
}

@article{Lee2006Single,
	author = {Lee, Cameron C. and Gillies, Elizabeth R. and Fox, Megan E. and Guillaudeu, Steven J. and Fréchet, Jean M. J. and Dy, Edward E. and Szoka, Francis C.},
	doi = {10.1073/pnas.0607705103},
	issn = {0027-8424, 1091-6490},
	journal = {Proceedings of the National Academy of Sciences},
	lan = {en},
	number = 45,
	pages = {16649-16654},
	title = {A single dose of doxorubicin-functionalized bow-tie dendrimer cures mice bearing C-26 colon carcinomas},
	url = {http://www.pnas.org/content/103/45/16649},
	volume = 103,
	year = 2006
}

@article{Velikov2002LayerByLayer,
	author = {Velikov, Krassimir P. and Christova, Christina G. and Dullens, Roel P. A. and Blaaderen, Alfons van},
	doi = {10.1126/science.1067141},
	issn = {0036-8075, 1095-9203},
	journal = {Science},
	lan = {en},
	number = 5565,
	pages = {106-109},
	title = {Layer-by-Layer Growth of Binary Colloidal Crystals},
	url = {http://www.sciencemag.org/content/296/5565/106},
	volume = 296,
	year = 2002
}

@article{Chitu2010Modified,
	author = {Chitu, L. and Siffalovic, P. and Majkova, E. and Jergel, M. and Vegso, K. and Luby, S. and Capek, I. and Satka, A. and Perlich, J. and Timmann, A. and Roth, S. and Keckes, J. and Maier, G.},
	journal = {Measurement Science Review},
	number = 5,
	pages = {162-165},
	title = {Modified Langmuir-Blodgett deposition of nanoparticles - measurement of 2D to 3D ordered arrays},
	url = {http://www.degruyter.com/view/j/msr.2010.10.issue-5/v10048-010-0028-0/v10048-010-0028-0.xml},
	volume = 10,
	year = 2010
}

@article{Moon2011Assembled,
	author = {Moon, Geon Dae and Lee, Tae Il and Kim, Bongsoo and Chae, GeeSung and Kim, Jinook and Kim, SungHee and Myoung, Jae-Min and Jeong, Unyong},
	doi = {10.1021/nn202733f},
	issn = {1936-0851},
	journal = {ACS Nano},
	lan = {English},
	number = 11,
	pages = {8600-8612},
	title = {Assembled Monolayers of Hydrophilic Particles on Water Surfaces},
	volume = 5,
	year = 2011
}

@article{Jiang2001Fabrication,
	author = {Jiang, P. and Ostojic, G. N. and Narat, R. and Mittleman, D. M. and Colvin, V. L.},
	copyright = {© 2001 WILEY-VCH Verlag GmbH, Weinheim, Fed. Rep. of Germany},
	doi = {10.1002/1521-4095(200103)13:6{	extless}389::AID-ADMA389{	extgreater}3.0.CO;2-L},
	issn = {1521-4095},
	journal = {Advanced Materials},
	lan = {en},
	number = 6,
	pages = {389-393},
	title = {The Fabrication and Bandgap Engineering of Photonic Multilayers},
	url = {http://onlinelibrary.wiley.com/doi/10.1002/1521-4095(200103)13:6{	extless}389::AID-ADMA389{	extgreater}3.0.CO;2-L/abstract},
	volume = 13,
	year = 2001
}

@article{Ashani1992Mechanism,
	author = {Ashani, Yacov and Peggins III, James O. and Doctor, Bhupendra P.},
	doi = {10.1016/0006-291X(92)90649-6},
	issn = {0006-291X},
	journal = {Biochemical and Biophysical Research Communications},
	number = 2,
	pages = {719-726},
	title = {Mechanism of inhibition of cholinesterases by huperzine A},
	url = {http://www.sciencedirect.com/science/article/pii/0006291X92906496},
	volume = 184,
	year = 1992
}

@article{Tougu2001Acetylcholinesterase,
	author = {Tougu, V.},
	doi = {10.2174/1568015013358536},
	issn = 15680150,
	journal = {Current Medicinal Chemistry-Central Nervous System Agents},
	number = 2,
	pages = {155-170},
	shorttitle = {Acetylcholinesterase},
	title = {Acetylcholinesterase: Mechanism of Catalysis and Inhibition},
	url = {http://chinesesites.library.ingentaconnect.com/content/ben/cmccnsa/2001/00000001/00000002/art00004},
	volume = 1,
	year = 2001
}

@article{Bartolini2003Amyloid,
	author = {Bartolini, Manuela and Bertucci, Carlo and Cavrini, Vanni and Andrisano, Vincenza},
	doi = {10.1016/S0006-2952(02)01514-9},
	issn = {0006-2952},
	journal = {Biochemical Pharmacology},
	number = 3,
	pages = {407-416},
	shorttitle = {β-Amyloid aggregation induced by human acetylcholinesterase},
	title = {β-Amyloid aggregation induced by human acetylcholinesterase: inhibition studies},
	url = {http://www.sciencedirect.com/science/article/pii/S0006295202015149},
	volume = 65,
	year = 2003
}

@article{Miao2010History,
	author = {Miao, Yuqing and He, Nongyue and Zhu, Jun-Jie},
	doi = {10.1021/cr900214c},
	issn = {0009-2665},
	journal = {Chemical Reviews},
	number = 9,
	pages = {5216-5234},
	title = {History and New Developments of Assays for Cholinesterase Activity and Inhibition},
	url = {http://dx.doi.org/10.1021/cr900214c},
	volume = 110,
	year = 2010
}

@article{Ellman1959Tissue,
	author = {Ellman, George L.},
	doi = {10.1016/0003-9861(59)90090-6},
	issn = {0003-9861},
	journal = {Archives of Biochemistry and Biophysics},
	number = 1,
	pages = {70-77},
	title = {Tissue sulfhydryl groups},
	url = {http://www.sciencedirect.com/science/article/pii/0003986159900906},
	volume = 82,
	year = 1959
}

@article{Ellman1961New,
	author = {Ellman, George L. and Courtney, K.Diane and Andres jr., Valentino and Featherstone, Robert M.},
	doi = {10.1016/0006-2952(61)90145-9},
	issn = {0006-2952},
	journal = {Biochemical Pharmacology},
	number = 2,
	pages = {88-95},
	title = {A new and rapid colorimetric determination of acetylcholinesterase activity},
	url = {http://www.sciencedirect.com/science/article/pii/0006295261901459},
	volume = 7,
	year = 1961
}

@article{Rhee2003Qualitative,
	author = {Rhee, In K. and van Rijn, Richard M. and Verpoorte, Robert},
	copyright = {Copyright © 2003 John Wiley \& Sons, Ltd.},
	doi = {10.1002/pca.675},
	issn = {1099-1565},
	journal = {Phytochemical Analysis},
	lan = {en},
	number = 3,
	pages = {127-131},
	title = {Qualitative determination of false-positive effects in the acetylcholinesterase assay using thin layer chromatography},
	url = {http://onlinelibrary.wiley.com/doi/10.1002/pca.675/abstract},
	volume = 14,
	year = 2003
}

@article{Maeda200524Dinitrobenzenesulfonyl,
	author = {Maeda, Hatsuo and Matsuno, Hiromi and Ushida, Mai and Katayama, Kohei and Saeki, Kanako and Itoh, Norio},
	copyright = {Copyright © 2005 WILEY-VCH Verlag GmbH \& Co. KGaA, Weinheim},
	doi = {10.1002/anie.200500114},
	issn = {1521-3773},
	journal = {Angewandte Chemie International Edition},
	lan = {en},
	number = 19,
	pages = {2922-2925},
	title = {2,4-Dinitrobenzenesulfonyl Fluoresceins as Fluorescent Alternatives to Ellman's Reagent in Thiol-Quantification Enzyme Assays},
	url = {http://onlinelibrary.wiley.com/doi/10.1002/anie.200500114/abstract},
	volume = 44,
	year = 2005
}

@article{Liu2012Highlya,
	author = {Liu, Dingbin and Chen, Wenwen and Wei, Jinhua and Li, Xuebing and Wang, Zhuo and Jiang, Xingyu},
	doi = {10.1021/ac300545p},
	issn = {0003-2700},
	journal = {Analytical Chemistry},
	number = 9,
	pages = {4185-4191},
	title = {A Highly Sensitive, Dual-Readout Assay Based on Gold Nanoparticles for Organophosphorus and Carbamate Pesticides},
	url = {http://dx.doi.org/10.1021/ac300545p},
	volume = 84,
	year = 2012
}

@article{Li2011Fluorescence,
	author = {Li, Heng and Wang, Jingxia and Liu, Feng and Song, Yanlin and Wang, Rongming},
	doi = {10.1016/j.jcis.2010.12.078},
	issn = {0021-9797},
	journal = {Journal of Colloid and Interface Science},
	number = 1,
	pages = {63-68},
	title = {Fluorescence enhancement by heterostructure colloidal photonic crystals with dual stopbands},
	url = {http://www.sciencedirect.com/science/article/pii/S0021979710014815},
	volume = 356,
	year = 2011
}

@article{Yissar2003Acetylcholine,
	author = {Pardo-Yissar, Vered and Katz, Eugenii and Wasserman, Julian and Willner, Itamar},
	doi = {10.1021/ja028922k},
	issn = {0002-7863},
	journal = {Journal of the American Chemical Society},
	number = 3,
	pages = {622-623},
	shorttitle = {Acetylcholine Esterase-Labeled CdS Nanoparticles on Electrodes},
	title = {Acetylcholine Esterase-Labeled CdS Nanoparticles on Electrodes: Photoelectrochemical Sensing of the Enzyme Inhibitors},
	url = {http://dx.doi.org/10.1021/ja028922k},
	volume = 125,
	year = 2003
}

@article{Lu2011Novel,
	author = {Lu, Donglai and Wang, Jun and Wang, Limin and Du, Dan and Timchalk, Charles and Barry, Richard and Lin, Yuehe},
	copyright = {Copyright © 2011 WILEY-VCH Verlag GmbH \& Co. KGaA, Weinheim},
	doi = {10.1002/adfm.201100616},
	issn = {1616-3028},
	journal = {Advanced Functional Materials},
	lan = {en},
	number = 22,
	pages = {4371-4378},
	title = {A Novel Nanoparticle-Based Disposable Electrochemical Immunosensor for Diagnosis of Exposure to Toxic Organophosphorus Agents},
	url = {http://onlinelibrary.wiley.com/doi/10.1002/adfm.201100616/abstract},
	volume = 21,
	year = 2011
}

@article{Levy2004Rational,
	author = {Lévy, Raphaël and Thanh, Nguyen T. K. and Doty, R. Christopher and Hussain, Irshad and Nichols, Richard J. and Schiffrin, David J. and Brust, Mathias and Fernig, David G.},
	doi = {10.1021/ja0487269},
	issn = {0002-7863},
	journal = {Journal of the American Chemical Society},
	number = 32,
	pages = {10076-10084},
	title = {Rational and Combinatorial Design of Peptide Capping Ligands for Gold Nanoparticles},
	url = {http://dx.doi.org/10.1021/ja0487269},
	volume = 126,
	year = 2004
}

@article{Guo2013Oriented,
	author = {Guo, Longhua and Xu, Yang and Ferhan, Abdul Rahim and Chen, Guonan and Kim, Dong-Hwan},
	doi = {10.1021/ja405371g},
	issn = {0002-7863},
	journal = {Journal of the American Chemical Society},
	number = 33,
	pages = {12338-12345},
	title = {Oriented Gold Nanoparticle Aggregation for Colorimetric Sensors with Surprisingly High Analytical Figures of Merit},
	url = {http://dx.doi.org/10.1021/ja405371g},
	volume = 135,
	year = 2013
}

@article{Marrian1949322,
	author = {Marrian, D. H.},
	journal = {Journal of the Chemical Society (Resumed)},
	pages = {1515-1516},
	title = {322. The reactions of substituted maleimides with thiols},
	url = {http://pubs.rsc.org/en/content/articlepdf/1949/jr/jr9490001515},
	year = 1949
}

@article{Aguiar2011Theoretical,
	author = {Aguiar, Eduardo C. and da Silva, João Bosco P. and Ramos, Mozart N.},
	doi = {10.1016/j.molstruc.2010.10.042},
	issn = {0022-2860},
	journal = {Journal of Molecular Structure},
	number = {1-3},
	pages = {431-434},
	title = {A theoretical study of the vibrational spectrum of maleimide},
	url = {http://www.sciencedirect.com/science/article/pii/S0022286010008446},
	volume = 993,
	year = 2011
}

@article{Li2011Colorimetric,
	author = {Li, Yugang and Bai, Hua and Li, Chun and Shi, Gaoquan},
	doi = {10.1021/am200101n},
	issn = {1944-8244},
	journal = {ACS Applied Materials \& Interfaces},
	number = 4,
	pages = {1306-1310},
	title = {Colorimetric Assays for Acetylcholinesterase Activity and Inhibitor Screening Based on the Disassembly−Assembly of a Water-Soluble Polythiophene Derivative},
	url = {http://dx.doi.org/10.1021/am200101n},
	volume = 3,
	year = 2011
}

@article{Wang2009Continuous,
	author = {Wang, Ming and Gu, Xinggui and Zhang, Guanxin and Zhang, Deqing and Zhu, Daoben},
	doi = {10.1021/la803870v},
	issn = {0743-7463},
	journal = {Langmuir},
	number = 4,
	pages = {2504-2507},
	title = {Continuous Colorimetric Assay for Acetylcholinesterase and Inhibitor Screening with Gold Nanoparticles},
	url = {http://dx.doi.org/10.1021/la803870v},
	volume = 25,
	year = 2009
}

@article{Jin2010Multifunctional,
	author = {Jin, Yongdong and Jia, Congxian and Huang, Sheng-Wen and O'Donnell, Matthew and Gao, Xiaohu},
	copyright = {© 2010 Nature Publishing Group, a division of Macmillan Publishers Limited. All Rights Reserved.},
	doi = {10.1038/ncomms1042},
	journal = {Nature Communications},
	lan = {en},
	pages = 41,
	title = {Multifunctional nanoparticles as coupled contrast agents},
	url = {http://www.nature.com/ncomms/journal/v1/n4/abs/ncomms1042.html},
	volume = 1,
	year = 2010
}

@article{Lim2011Highly,
	author = {Lim, Dong-Kwon and Jeon, Ki-Seok and Hwang, Jae-Ho and Kim, Hyoki and Kwon, Sunghoon and Suh, Yung Doug and Nam, Jwa-Min},
	copyright = {© 2011 Nature Publishing Group},
	doi = {10.1038/nnano.2011.79},
	issn = {1748-3387},
	journal = {Nature Nanotechnology},
	lan = {en},
	number = 7,
	pages = {452-460},
	title = {Highly uniform and reproducible surface-enhanced Raman scattering from DNA-tailorable nanoparticles with 1-nm interior gap},
	url = {http://www.nature.com/nnano/journal/v6/n7/abs/nnano.2011.79.html},
	volume = 6,
	year = 2011
}

@article{Dimaio2008Controlling,
	author = {DiMaio, Jeffrey R. and Sabatier, Clément and Kokuoz, Baris and Ballato, John},
	doi = {10.1073/pnas.0711638105},
	issn = {0027-8424, 1091-6490},
	journal = {Proceedings of the National Academy of Sciences},
	lan = {en},
	number = 6,
	pages = {1809-1813},
	title = {Controlling energy transfer between multiple dopants within a single nanoparticle},
	url = {http://www.pnas.org/content/105/6/1809},
	volume = 105,
	year = 2008
}

@article{Peters2012From,
	author = {Peters, Ruud J. R. W. and Louzao, Iria and van Hest, Jan C. M.},
	doi = {10.1039/c2sc00803c},
	issn = {2041-6520, 2041-6539},
	journal = {Chemical Science},
	lan = {en},
	number = 2,
	pages = {335-342},
	title = {From polymeric nanoreactors to artificial organelles},
	url = {http://pubs.rsc.org/en/content/articlehtml/2011/sc/c2sc00803c},
	volume = 3,
	year = 2012
}

@article{Vriezema2007Positional,
	author = {Vriezema, Dennis M. and Garcia, Paula M. L. and Sancho Oltra, Núria and Hatzakis, Nikos S. and Kuiper, Suzanne M. and Nolte, Roeland J. M. and Rowan, Alan E. and van Hest, Jan C. M.},
	copyright = {Copyright © 2007 WILEY-VCH Verlag GmbH \& Co. KGaA, Weinheim},
	doi = {10.1002/ange.200701125},
	issn = {1521-3757},
	journal = {Angewandte Chemie},
	lan = {en},
	number = 39,
	pages = {7522-7526},
	title = {Positional Assembly of Enzymes in Polymersome Nanoreactors for Cascade Reactions},
	url = {http://onlinelibrary.wiley.com/doi/10.1002/ange.200701125/abstract},
	volume = 119,
	year = 2007
}

@article{Oers2014Cascade,
	author = {van Oers, MCM and Rutjes, FPJT and van Hest, JCM},
	doi = {10.1016/j.copbio.2013.10.011},
	issn = {0958-1669},
	journal = {Current Opinion in Biotechnology},
	pages = {10-16},
	series = {Nanobiotechnology • Systems biology},
	title = {Cascade reactions in nanoreactors},
	url = {http://www.sciencedirect.com/science/article/pii/S095816691300685X},
	volume = 28,
	year = 2014
}

@article{Yec2012Synthetic,
	author = {Yec, Christopher C. and Zeng, Hua Chun},
	doi = {10.1021/cm300672r},
	issn = {0897-4756},
	journal = {Chemistry of Materials},
	number = 10,
	pages = {1917-1929},
	title = {Synthetic Architecture of Multiple Core-Shell and Yolk-Shell Structures of (Cu2O@)nCu2O (n = 1-4) with Centricity and Eccentricity},
	url = {http://dx.doi.org/10.1021/cm300672r},
	volume = 24,
	year = 2012
}

@article{Son2013Systematic,
	author = {Son, Juhee and Lee, Hee Jung and Oh, Moonhyun},
	copyright = {Copyright © 2013 WILEY-VCH Verlag GmbH \& Co. KGaA, Weinheim},
	doi = {10.1002/chem.201300585},
	issn = {1521-3765},
	journal = {Chemistry - A European Journal},
	lan = {en},
	number = 21,
	pages = {6546-6550},
	title = {Systematic Formation of Multilayered Core-Shell Microspheres through the Multistep Growth of Coordination Polymers},
	url = {http://onlinelibrary.wiley.com/doi/10.1002/chem.201300585/abstract},
	volume = 19,
	year = 2013
}

@article{Shi2011Facile,
	author = {Shi, Jiafu and Zhang, Lei and Jiang, Zhongyi},
	doi = {10.1021/am101241u},
	issn = {1944-8244},
	journal = {ACS Applied Materials \& Interfaces},
	number = 3,
	pages = {881-889},
	title = {Facile Construction of Multicompartment Multienzyme System through Layer-by-Layer Self-Assembly and Biomimetic Mineralization},
	url = {http://dx.doi.org/10.1021/am101241u},
	volume = 3,
	year = 2011
}

@article{Zhang2014TemplateDirected,
	author = {Zhang, Zhenjie and Zaworotko, Michael J},
	doi = {10.1039/c4cs00075g},
	issn = {0306-0012, 1460-4744},
	journal = {Chemical Society Reviews},
	lan = {en},
	number = 16,
	pages = {5444-5455},
	title = {Template-directed synthesis of metal-organic materials},
	url = {http://xlink.rsc.org/?DOI=c4cs00075g},
	volume = 43,
	year = 2014
}

@article{Tanaka2009Control,
	author = {Tanaka, Takuya and Saito, Naohiko and Okubo, Masayoshi},
	doi = {10.1021/ma901100n},
	issn = {0024-9297},
	journal = {Macromolecules},
	number = 19,
	pages = {7423-7429},
	title = {Control of Layer Thickness of Onionlike Multilayered Composite Polymer Particles Prepared by the Solvent Evaporation Method†},
	url = {http://dx.doi.org/10.1021/ma901100n},
	volume = 42,
	year = 2009
}

@article{Koebe2012Crosslinked,
	author = {Koebe, Michael and Drechsler, Markus and Weber, Jens and Yuan, Jiayin},
	copyright = {Copyright © 2012 WILEY-VCH Verlag GmbH \& Co. KGaA, Weinheim},
	doi = {10.1002/marc.201100836},
	issn = {1521-3927},
	journal = {Macromolecular Rapid Communications},
	lan = {en},
	number = 8,
	pages = {646-651},
	shorttitle = {Crosslinked Poly(ionic liquid) Nanoparticles},
	title = {Crosslinked Poly(ionic liquid) Nanoparticles: Inner Structure, Size, and Morphology},
	url = {http://onlinelibrary.wiley.com/doi/10.1002/marc.201100836/abstract},
	volume = 33,
	year = 2012
}

@article{Doh2004Photogenerated,
	author = {Doh, Junsang and Irvine, Darrell J.},
	doi = {10.1021/ja048261m},
	issn = {0002-7863},
	journal = {Journal of the American Chemical Society},
	number = 30,
	pages = {9170-9171},
	title = {Photogenerated Polyelectrolyte Bilayers from an Aqueous-Processible Photoresist for Multicomponent Protein Patterning},
	url = {http://dx.doi.org/10.1021/ja048261m},
	volume = 126,
	year = 2004
}

@article{Ma2013CoreShell,
	author = {Ma, Minglin and Chiu, Alan and Sahay, Gaurav and Doloff, Joshua C. and Dholakia, Nimit and Thakrar, Raj and Cohen, Joshua and Vegas, Arturo and Chen, Delai and Bratlie, Kaitlin M. and Dang, Tram and York, Roger L. and Hollister-Lock, Jennifer and Weir, Gordon C. and Anderson, Daniel G.},
	copyright = {Copyright © 2013 WILEY-VCH Verlag GmbH \& Co. KGaA, Weinheim},
	doi = {10.1002/adhm.201200341},
	issn = {2192-2659},
	journal = {Advanced Healthcare Materials},
	lan = {en},
	number = 5,
	pages = {667-672},
	title = {Core-Shell Hydrogel Microcapsules for Improved Islets Encapsulation},
	url = {http://onlinelibrary.wiley.com/doi/10.1002/adhm.201200341/abstract},
	volume = 2,
	year = 2013
}

@article{Kim2011Generation,
	author = {Kim, Choong and Chung, Seok and Kim, Young Eun and Lee, Kang Sun and Lee, Soo Hyun and Oh, Kwang Wook and Kang, Ji Yoon},
	doi = {10.1039/C0LC00036A},
	issn = {1473-0189},
	journal = {Lab on a Chip},
	lan = {en},
	number = 2,
	pages = {246-252},
	title = {Generation of core-shell microcapsules with three-dimensional focusing device for efficient formation of cell spheroid},
	url = {http://pubs.rsc.org/en/content/articlelanding/2011/lc/c0lc00036a},
	volume = 11,
	year = 2011
}

@article{Yu2005Mesoporous,
	author = {Yu, A. and Wang, Y. and Barlow, E. and Caruso, F.},
	copyright = {Copyright © 2005 WILEY-VCH Verlag GmbH \& Co. KGaA, Weinheim},
	doi = {10.1002/adma.200402045},
	issn = {1521-4095},
	journal = {Advanced Materials},
	lan = {en},
	number = 14,
	pages = {1737-1741},
	title = {Mesoporous Silica Particles as Templates for Preparing Enzyme-Loaded Biocompatible Microcapsules},
	url = {http://onlinelibrary.wiley.com/doi/10.1002/adma.200402045/abstract},
	volume = 17,
	year = 2005
}

@article{Guerrouache2012SiteSpecific,
	author = {Guerrouache, Mohamed and Mahouche-Chergui, Samia and Chehimi, Mohamed M. and Carbonnier, Benjamin},
	doi = {10.1039/C2CC33134A},
	issn = {1364-548X},
	journal = {Chemical Communications},
	lan = {en},
	number = 60,
	pages = {7486-7488},
	title = {Site-specific immobilisation of gold nanoparticles on a porous monolith surface by using a thiol-yne click photopatterning approach},
	url = {http://pubs.rsc.org/en/content/articlelanding/2012/cc/c2cc33134a},
	volume = 48,
	year = 2012
}

@article{Siegel1988PhDependent,
	author = {Siegel, Ronald A. and Firestone, Bruce A.},
	doi = {10.1021/ma00189a021},
	issn = {0024-9297},
	journal = {Macromolecules},
	number = 11,
	pages = {3254-3259},
	title = {pH-dependent equilibrium swelling properties of hydrophobic polyelectrolyte copolymer gels},
	url = {http://dx.doi.org/10.1021/ma00189a021},
	volume = 21,
	year = 1988
}

@article{Elacqua2014Engineering,
	author = {Elacqua, Elizabeth and Lye, Diane S. and Weck, Marcus},
	doi = {10.1021/ar500128w},
	issn = {0001-4842},
	journal = {Accounts of Chemical Research},
	number = 8,
	pages = {2405-2416},
	shorttitle = {Engineering Orthogonality in Supramolecular Polymers},
	title = {Engineering Orthogonality in Supramolecular Polymers: From Simple Scaffolds to Complex Materials},
	url = {http://dx.doi.org/10.1021/ar500128w},
	volume = 47,
	year = 2014
}

@article{Agard2006Comparative,
	author = {Agard, Nicholas J. and Baskin, Jeremy M. and Prescher, Jennifer A. and Lo, Anderson and Bertozzi, Carolyn R.},
	doi = {10.1021/cb6003228},
	issn = {1554-8929},
	journal = {ACS Chemical Biology},
	number = 10,
	pages = {644-648},
	title = {A Comparative Study of Bioorthogonal Reactions with Azides},
	url = {http://dx.doi.org/10.1021/cb6003228},
	volume = 1,
	year = 2006
}

@article{Rahmani2014Chemically,
	author = {Rahmani, Sahar and Saha, Sampa and Durmaz, Hakan and Donini, Alessandro and Misra, Asish C and Yoon, Jaewon and Lahann, Joerg},
	copyright = {Copyright © 2014 WILEY-VCH Verlag GmbH \& Co. KGaA, Weinheim},
	doi = {10.1002/ange.201310727},
	issn = {1521-3757},
	journal = {Angewandte Chemie},
	lan = {en},
	number = 9,
	pages = {2364-2370},
	title = {Chemically Orthogonal Three-Patch Microparticles},
	url = {http://onlinelibrary.wiley.com/doi/10.1002/ange.201310727/abstract},
	volume = 126,
	year = 2014
}

@article{Umler2010Coupled,
	author = {Bäumler, Hans and Georgieva, Radostina},
	doi = {10.1021/bm1001125},
	issn = {1525-7797},
	journal = {Biomacromolecules},
	number = 6,
	pages = {1480-1487},
	title = {Coupled Enzyme Reactions in Multicompartment Microparticles},
	url = {http://dx.doi.org/10.1021/bm1001125},
	volume = 11,
	year = 2010
}

@article{Chandrawati2011Multicompartment,
	author = {Chandrawati, Rona and van Koeverden, Martin P. and Lomas, Hannah and Caruso, Frank},
	doi = {10.1021/jz200994n},
	issn = {1948-7185},
	journal = {The Journal of Physical Chemistry Letters},
	number = 20,
	pages = {2639-2649},
	title = {Multicompartment Particle Assemblies for Bioinspired Encapsulated Reactions},
	url = {http://dx.doi.org/10.1021/jz200994n},
	volume = 2,
	year = 2011
}

@article{Braun2003Novel,
	author = {Braun, Felix and Eng, Lukas and Trogisch, Sven and Voit, Brigitte},
	copyright = {Copyright © 2003 WILEY-VCH Verlag GmbH \& Co. KGaA, Weinheim},
	doi = {10.1002/macp.200350015},
	issn = {1521-3935},
	journal = {Macromolecular Chemistry and Physics},
	lan = {en},
	number = 12,
	pages = {1486-1496},
	shorttitle = {Novel Labile Protected Amine Terpolymers for the Preparation of Patterned Functionalized Surfaces},
	title = {Novel Labile Protected Amine Terpolymers for the Preparation of Patterned Functionalized Surfaces: Synthesis and Characterization},
	url = {http://onlinelibrary.wiley.com/doi/10.1002/macp.200350015/abstract},
	volume = 204,
	year = 2003
}

@article{Patchornik1970Photosensitive,
	author = {Patchornik, Abraham and Amit, BWRB and Woodward, R. B.},
	journal = {Journal of the American Chemical Society},
	number = 21,
	pages = {6333-6335},
	title = {Photosensitive protecting groups},
	url = {http://pubs.ACS.org/doi/abs/10.1021/ja00724a041},
	volume = 92,
	year = 1970
}

@article{Barltrop1965883,
	author = {Barltrop, J. A. and Schofield, P.},
	doi = {10.1039/JR9650004758},
	issn = {0368-1769},
	journal = {Journal of the Chemical Society (Resumed)},
	lan = {en},
	number = 0,
	pages = {4758-4765},
	title = {883. Organic photochemistry. Part II. Some photosensitive protecting groups},
	url = {http://pubs.rsc.org/en/content/articlelanding/1965/jr/jr9650004758},
	year = 1965
}

@article{Cameron1991Photogeneration,
	author = {Cameron, James F. and Frechet, Jean M. J.},
	doi = {10.1021/ja00011a038},
	issn = {0002-7863},
	journal = {Journal of the American Chemical Society},
	number = 11,
	pages = {4303-4313},
	title = {Photogeneration of organic bases from o-nitrobenzyl-derived carbamates},
	url = {http://dx.doi.org/10.1021/ja00011a038},
	volume = 113,
	year = 1991
}

@article{Cui2012Phototunable,
	author = {Cui, Jiaxi and Nguyen, Thi-Huong and Ceolín, Marcelo and Berger, Rüdiger and Azzaroni, Omar and del Campo, Aránzazu},
	doi = {10.1021/ma300274b},
	issn = {0024-9297},
	journal = {Macromolecules},
	number = 7,
	pages = {3213-3220},
	title = {Phototunable Response in Caged Polymer Brushes},
	url = {http://dx.doi.org/10.1021/ma300274b},
	volume = 45,
	year = 2012
}

@article{Schumers2009Are,
	author = {Schumers, Jean-Marc and Fustin, Charles-André and Can, Aydin and Hoogenboom, Richard and Schubert, Ulrich S. and Gohy, Jean-François},
	copyright = {Copyright © 2009 Wiley Periodicals, Inc.},
	doi = {10.1002/pola.23693},
	issn = {1099-0518},
	journal = {Journal of Polymer Science Part A: Polymer Chemistry},
	lan = {en},
	number = 23,
	pages = {6504-6513},
	title = {Are o-nitrobenzyl (meth)acrylate monomers polymerizable by controlled-radical polymerization?},
	url = {http://onlinelibrary.wiley.com/doi/10.1002/pola.23693/abstract},
	volume = 47,
	year = 2009
}

@article{Cui2011Polymer,
	author = {Cui, Jiaxi and Azzaroni, Omar and del Campo, Aránzazu},
	copyright = {Copyright © 2011 WILEY-VCH Verlag GmbH \& Co. KGaA, Weinheim},
	doi = {10.1002/marc.201100435},
	issn = {1521-3927},
	journal = {Macromolecular Rapid Communications},
	lan = {en},
	number = 21,
	pages = {1699-1703},
	title = {Polymer Brushes with Phototriggered and Phototunable Swelling and pH Response},
	url = {http://onlinelibrary.wiley.com/doi/10.1002/marc.201100435/abstract},
	volume = 32,
	year = 2011
}

@article{Han2012General,
	author = {Han, Dehui and Tong, Xia and Boissière, Olivier and Zhao, Yue},
	doi = {10.1021/mz2000175},
	journal = {ACS Macro Letters},
	number = 1,
	pages = {57-61},
	title = {General Strategy for Making CO2-Switchable Polymers},
	url = {http://dx.doi.org/10.1021/mz2000175},
	volume = 1,
	year = 2012
}

@article{Soh2007Rhodamine,
	author = {Soh, Jung Hyun and Swamy, K. M. K. and Kim, Sook Kyung and Kim, Suki and Lee, Sang-Hyeup and Yoon, Juyoung},
	doi = {10.1016/j.tetlet.2007.06.114},
	issn = {0040-4039},
	journal = {Tetrahedron Letters},
	number = 34,
	pages = {5966-5969},
	title = {Rhodamine urea derivatives as fluorescent chemosensors for Hg2+},
	url = {http://www.sciencedirect.com/science/article/pii/S0040403907012312},
	volume = 48,
	year = 2007
}

@article{Reese1975Preparation,
	author = {Reese, Colin B. and Shaw, Andrew},
	doi = {10.1039/P19750002422},
	issn = {1364-5463},
	journal = {Journal of the Chemical Society, Perkin Transactions 1},
	lan = {en},
	number = 23,
	pages = {2422-2435},
	title = {Preparation of medium-sized ring trans-cycloalkene derivatives from halogenocyclopropane intermediates by silver perchlorate-promoted solvolysis},
	url = {http://pubs.rsc.org/en/content/articlelanding/1975/p1/p19750002422},
	year = 1975
}

@patent{Haugland1992Chemically,
	assignee = {Molecular Probes, Inc},
	author = {Haugland, Richard P. and Whitaker, James E.},
	title = {Chemically reactive pyrenyloxy sulfonic acid dyes},
	volume = {US Patent 5132432 (A), 1992-07-27}
}

@article{Pollak1980Enzyme,
	author = {Pollak, Alfred and Blumenfeld, Hugh and Wax, Michael and Baughn, Richard L. and Whitesides, George M.},
	doi = {10.1021/ja00540a026},
	issn = {0002-7863},
	journal = {Journal of the American Chemical Society},
	number = 20,
	pages = {6324-6336},
	title = {Enzyme immobilization by condensation copolymerization into crosslinked polyacrylamide gels},
	url = {http://dx.doi.org/10.1021/ja00540a026},
	volume = 102,
	year = 1980
}
